@article{wang2017machine,
  title={Machine learning for networking: Workflow, advances and opportunities},
  author={Wang, Mowei and Cui, Yong and Wang, Xin and Xiao, Shihan and Jiang, Junchen},
  journal={Ieee Network},
  volume={32},
  number={2},
  pages={92--99},
  year={2017},
  publisher={IEEE}
}

@article{ridwan2021applications,
  title={Applications of Machine Learning in Networking: A Survey of Current Issues and Future Challenges},
  author={Ridwan, Mohammad Azmi and Radzi, Nurul Asyikin Mohamed and Abdullah, Fairuz and Jalil, YE},
  journal={IEEE Access},
  year={2021},
  publisher={IEEE}
}

@inproceedings{le2018evaluating,
  title={Evaluating insider threat detection workflow using supervised and unsupervised learning},
  author={Le, Duc C and Zincir-Heywood, A Nur},
  booktitle={2018 IEEE Security and Privacy Workshops (SPW)},
  pages={270--275},
  year={2018},
  organization={IEEE}
}

@article{bresniker2019grand,
  title={Grand challenge: Applying artificial intelligence and machine learning to cybersecurity},
  author={Bresniker, Kirk and Gavrilovska, Ada and Holt, James and Milojicic, Dejan and Tran, Trung},
  journal={Computer},
  volume={52},
  number={12},
  pages={45--52},
  year={2019},
  publisher={IEEE}
}

@inproceedings{fraley2017promise,
  title={The promise of machine learning in cybersecurity},
  author={Fraley, James B and Cannady, James},
  booktitle={SoutheastCon 2017},
  pages={1--6},
  year={2017},
  organization={IEEE}
}

/*-----------------------------------------------------------Sitografia:-----------------------------------------------------------------------*/
  @misc{ enwiki:1046345973,
    author = "{Wikipedia contributors}",
    title = "Machine learning --- {Wikipedia}{,} The Free Encyclopedia",
    year = "2021",
    url = "https://en.wikipedia.org/w/index.php?title=Machine_learning&oldid=1046345973",
    note = "[Online; accessed 27-September-2021]"
  }

 @misc{ enwiki:1033187514,
    author = "{Wikipedia contributors}",
    title = "Supervised learning --- {Wikipedia}{,} The Free Encyclopedia",
    year = "2021",
    howpublished = "\url{https://en.wikipedia.org/w/index.php?title=Supervised_learning&oldid=1033187514}",
    note = "[Online; accessed 27-September-2021]"
  }

@misc{ enwiki:1046562875,
    author = "{Wikipedia contributors}",
    title = "Reinforcement learning --- {Wikipedia}{,} The Free Encyclopedia",
    year = "2021",
    url = "https://en.wikipedia.org/w/index.php?title=Reinforcement_learning&oldid=1046562875",
    note = "[Online; accessed 27-September-2021]"
  }

  @misc{ enwiki:1043586308,
    author = "{Wikipedia contributors}",
    title = "Unsupervised learning --- {Wikipedia}{,} The Free Encyclopedia",
    year = "2021",
    howpublished = "\url{https://en.wikipedia.org/w/index.php?title=Unsupervised_learning&oldid=1043586308}",
    note = "[Online; accessed 27-September-2021]"
  }


@misc{ frameworkArticleNeptune,
   author = "Author Krissanawat Kaewsanmua", 
   title = "Best Workflow and Pipeline Orchestration Tools â€“ Machine Learning Guide",
   year = "2021",
   url = "\url{https://neptune.ai/blog/best-workflow-and-pipeline-orchestration-tools}",
 }

@misc{ articleNeptune,
   author = "Author Prince Canuma", 
   title = "Machine Learning Model Management: What It Is, Why You Should Care, and How to Implement It",
   year = "2021",
   url = "\url{https://neptune.ai/blog/machine-learning-model-management}",
 }

@misc{ googleArticle,
   author = "Martin Zinkevich", 
   title = "Best Practices for ML Engineering",
   year = "2021",
   url = "\url{https://developers.google.com/machine-learning/guides/rules-of-ml#rule_4_keep_the_first_model_simple_and_get_the_infrastructure_right}",
 }

@misc{ MLSecurity,
   author = "Akhilesh Deshmukh ", 
   title = "Debunking the Myths. How Machine Learning (ML) Benefits Cyber Security",
   year = "2020",
   url = "\url{https://www.securityhq.com/blog/debunking-the-myths-how-machine-learning-ml-benefits-cyber-security/}",
 }


